<record><leader>00000cas a2200000 a 4500</leader><controlfield tag="001">23663874</controlfield><controlfield tag="008">910430d18611uuunyuwr ne      0    0eng c</controlfield><datafield ind1=" " ind2=" " tag="010"><subfield code="a">sn 91066246 </subfield></datafield><datafield ind1=" " ind2=" " tag="040"><subfield code="a">NYS</subfield><subfield code="b">eng</subfield><subfield code="c">NYS</subfield><subfield code="d">NVF</subfield><subfield code="d">OCL</subfield><subfield code="d">NYS</subfield><subfield code="d">OCLCQ</subfield><subfield code="d">OCLCF</subfield><subfield code="d">OCLCO</subfield></datafield><datafield ind1="1" ind2=" " tag="029"><subfield code="a">AU@</subfield><subfield code="b">000020226384</subfield></datafield><datafield ind1=" " ind2=" " tag="042"><subfield code="a">pcc</subfield></datafield><datafield ind1=" " ind2=" " tag="043"><subfield code="a">n-us-ny</subfield></datafield><datafield ind1="0" ind2=" " tag="130"><subfield code="a">Gazette and banner (Cortland, N.Y.)</subfield></datafield><datafield ind1="1" ind2="4" tag="245"><subfield code="a">The gazette and banner.</subfield></datafield><datafield ind1=" " ind2=" " tag="260"><subfield code="a">Cortland, N.Y. :</subfield><subfield code="b">Charles P. Cole</subfield></datafield><datafield ind1=" " ind2=" " tag="300"><subfield code="a">v. ;</subfield><subfield code="c">61 cm.</subfield></datafield><datafield ind1=" " ind2=" " tag="310"><subfield code="a">Weekly</subfield></datafield><datafield ind1="1" ind2=" " tag="362"><subfield code="a">Began in 1861?</subfield></datafield><datafield ind1=" " ind2=" " tag="588"><subfield code="a">Description based on: Vol. 1, no. 11 (Dec. 12, 1861).</subfield></datafield><datafield ind1=" " ind2="0" tag="651"><subfield code="a">Cortland (N.Y.)</subfield><subfield code="v">Newspapers.</subfield></datafield><datafield ind1=" " ind2="0" tag="651"><subfield code="a">Cortland County (N.Y.)</subfield><subfield code="v">Newspapers.</subfield></datafield><datafield ind1=" " ind2="7" tag="655"><subfield code="a">Newspapers.</subfield><subfield code="2">fast</subfield><subfield code="0">(OCoLC)fst01423814</subfield></datafield><datafield ind1=" " ind2="7" tag="651"><subfield code="a">New York (State)</subfield><subfield code="z">Cortland.</subfield><subfield code="2">fast</subfield><subfield code="0">(OCoLC)fst01218243</subfield></datafield><datafield ind1=" " ind2="7" tag="651"><subfield code="a">New York (State)</subfield><subfield code="z">Cortland County.</subfield><subfield code="2">fast</subfield><subfield code="0">(OCoLC)fst01224811</subfield></datafield><datafield ind1=" " ind2=" " tag="752"><subfield code="a">United States</subfield><subfield code="b">New York</subfield><subfield code="c">Cortland</subfield><subfield code="d">Cortland.</subfield></datafield><datafield ind1="0" ind2="4" tag="780"><subfield code="t">Cortland gazette (Cortland, N.Y.)</subfield><subfield code="w">(DLC)sn 91066287</subfield><subfield code="w">(OCoLC)23850406</subfield></datafield><datafield ind1="0" ind2="4" tag="780"><subfield code="t">Republican banner (Cortland, N.Y.)</subfield><subfield code="w">(DLC)sn 91066245</subfield><subfield code="w">(OCoLC)23664004</subfield></datafield></record>